
@article{ASFD,
  author     = {Bin Zhang and
                Jian Li and
                Yabiao Wang and
                Ying Tai and
                Chengjie Wang and
                Jilin Li and
                Feiyue Huang and
                Yili Xia and
                Wenjiang Pei and
                Rongrong Ji},
  title      = {{ASFD:} Automatic and Scalable Face Detector},
  journal    = {CoRR},
  volume     = {abs/2003.11228},
  year       = {2020},
  url        = {https://arxiv.org/abs/2003.11228},
  eprinttype = {arXiv},
  eprint     = {2003.11228},
  timestamp  = {Tue, 20 Feb 2024 13:40:13 +0100},
  biburl     = {https://dblp.org/rec/journals/corr/abs-2003-11228.bib},
  bibsource  = {dblp computer science bibliography, https://dblp.org}
}
@article{EfficientNet,
  author     = {Mingxing Tan and
                Quoc V. Le},
  title      = {EfficientNet: Rethinking Model Scaling for Convolutional Neural Networks},
  journal    = {CoRR},
  volume     = {abs/1905.11946},
  year       = {2019},
  url        = {http://arxiv.org/abs/1905.11946},
  eprinttype = {arXiv},
  eprint     = {1905.11946},
  timestamp  = {Mon, 03 Jun 2019 13:42:33 +0200},
  biburl     = {https://dblp.org/rec/journals/corr/abs-1905-11946.bib},
  bibsource  = {dblp computer science bibliography, https://dblp.org}
}
